% Encoding: UTF-8
% -------- PAPERS --------
@article{vk_2010,
    author = "Vesa Kettunen and Jussi Kasurinen and Ossi Taipale and Kari Smolander",
    title = "A Study on Agility and Testing Processes in Software Organizations",
    journal = "19th international symposium on Software testing and analysis",
    pages = "231-240",
    year = 2010
}

@article{mb_2020,
    author = "Markus Borg and Joakim Wernberg and Thomas Olsson Ulrik Franke and Martin Andersson",
    title = "Illuminating a Blind Spot in Digitalization - Software Development in Sweden’s Private and Public sector",
    journal = "42nd Internation Conference on Software Engineering Workshops",
    pages = "299-302",
    year = 2020
}

@article{ad_2013,
    author = "Anca Deak and Tor Stålhane",
    title = "Organization of testing activities in Norwegian Software Companies",
    journal = "IEEE Sixth International Conference on Software Testing, Verification and Validation Workshops",
    pages = "102-107",
    year = 2013
}

@article{nbm_2015,
    author = "Nils Brede Moe and Daniela Cruzes and Tore Dybå",
    title = "Continuous software testing in a globally distributed project",
    journal = "10th International Conference on Global Software Engineering",
    pages = "130-134",
    year = 2015
}

@article{dsc_2019,
    author = "Daniela Soares Cruzes and Kristin Melsnes and Sabrina Marczak",
    title = "Testing in a DevOps Era: Perceptions of Testers in Norwegian Organisations",
    journal = "International Conference on Computational Science and Its Applications",
    pages = "442-455",
    year = 2019
}

@article{ja_2016,
    author = "Jayasri Angra and Srinivas Prasad and Gutta Sridevi",
    title = "The Factors Driving Testing in DevOps Setting- A Systematic Literature Survey",
    journal = "Indian Journal of Science and Technology",
    volume = "9",
    pages = "1-8",
    year = 2016
}

@article{mk_2017,
    author = "Mohamad Kassab and Joanna F. Defranco and Phillip A. Laplante",
    title = "Software Testing: The state of the Practice",
    journal = "IEEE Software",
    volume = "34",
    pages = "46-52",
    year = 2017
}

@article{am_2020,
    author = "Alok Mishra and Ziadoon Otawiw",
    title = "DevOps and software quality: A systematic mapping",
    journal = "Computer Science Review",
    volume = "38",
    year = 2020
}

@article{smm_2018,
    author = "Sikender Mohsienuddin Mohammad",
    title = "Improve Software Quality Through Practicing DevOps Automation",
    journal = "Internation Journal of Creative Research Thoughts",
    volume = "6",
    pages = "251-256",
    year = 2018
}

@article{sh_2018,
    author = "Shahadat Hossain",
    title = "Challenges of Software Quality Assurance and Testing",
    journal = "International Journal of Software Engineering and Computer Systems",
    volume = "4",
    pages = "133-144",
    year = 2018
}

@article{mm_2021,
    author = "Mohammad Mubarkoot",
    title = "Assessment of factors influencing adoption of devops practices in public sector and their impact on organizational culture",
    journal = "ICST conference",
    volume = "2",
    pages = "475-483",
    year = 2021
}

@article{ml_2022,
    article = "Murthia Lazaurdi and Teguh Raharjo and Bob Hardian and Tiarma Simanungkalit",
    title = "Perceived Benefits of DevOps in Organization: A systematic Literature Review",
    journal = "International Conference on Software and Information Engineering",
    volume = "10",
    pages = "10-16",
    year = 2022
}

@article{csw_2011,
    article = "Craig S. Wright and Tanveer A. Zia",
    title = "A Quantitative Analysis into the Economics of Correcting Software Bugs",
    journal = "Lecture Notes in Computer Science",
    volume = "6694",
    pages = "198-205",
    year = 2011
}

% -------- BOOKS --------
@book{bjo_2022,
    title = "Researching Information Systems and Computing",
    author = "Briony J. Oates and Marie Griffiths and Rachel McLean",
    year = 2022,
    publisher = "Sage Publishing"
}

% -------- ONLINE --------
@online{org_nav_2023,
    author = "NAV",
    title = "Organisering av NAV",
    url = "https://www.nav.no/no/nav-og-samfunn/om-nav/fakta-om-nav/organisering-av-nav",
    year = 2023
}

@online{mt_2022,
    author = "Microsoft Teams",
    title = "View live transcription in a Teams meeting",
    url = "https://support.microsoft.com/en-us/office/view-live-transcription-in-a-teams-meeting-dc1a8f23-2e20-4684-885e-2152e06a4a8b",
    year = 2022
}

@online{oa_2022,
    author = "OpenAI",
    title = "Introducing Whisper",
    url = "https://openai.com/blog/whisper/",
    year = "2022"
}

@online{org_mat_2023,
    author = "Mattilsynet",
    title = "Om Mattilsynet",
    url = "https://www.mattilsynet.no/om_mattilsynet/",
    year = 2023
}

@online{nais_2023,
    author = "NAIS",
    title = "It is NAIS to be a developer at NAV",
    url = "https://docs.nais.io/",
    year = 2023
}

@online{project_wizard_digdir_2023,
    author = "Digitaliseringsdirektoratet",
    title = "Hva er Prosjektveiviseren?",
    url = "https://prosjektveiviseren.digdir.no/prosjektfasene/hva-er-prosjektveiviseren/5",
    year = 2023
}

% -------- REGJERINGEN --------
@online{r_2019,
    author = "Regjeringen",
    title = "En digital offentlig sektor",
    url = "https://www.regjeringen.no/no/dokumenter/en-digital-offentlig-sektor/id2653874/",
    year = 2019
}

@online{nav_r_2023,
    author = "Regjeringen",
    title = "Norwegian Labour and Welfare Organization (NAV)",
    url = "https://www.regjeringen.no/en/dep/bfd/organisation/tilknyttede-virksomheter/Norwegian-Labour-and-Welfare-Organizatio/id426155/",
    year = 2023
}

@online{skatt_r_2023,
    author = "Regjeringen",
    title = "The Norwegian Tax Administration (Skatteetaten)",
    url = "https://www.regjeringen.no/en/dep/fin/about-the-ministry/subordinateagencies/the-tax-administration---the-directorate/id270405/",
    year = 2023
}

@online{mat_r_2023,
    author = "Regjeringen",
    title = "The Norwegian Food Safety Authority",
    url = "https://www.regjeringen.no/en/dep/hod/organisation-and-management-of-the-ministry-of-health-and-care-services/etater-og-virksomheter-under-helse--og-omsorgsdepartementet/Subordinate-institutions/Norwegian-Food-Safety-Authority/id279765/",
    year = 2023
}

@online{okp_nav_r_2022,
    author = "Regjeringen",
    title = "Økte kostnader på 40 milliarder",
    url = "https://www.regjeringen.no/no/aktuelt/budsjett-pengene-i-folketrygden/id2930068/",
    year = 2022
}

@online{bud_r_2021,
    author = "Regjeringen",
    title = "Statsbudsjettet 2022: Statens inntekter og utgifter",
    url = "https://www.regjeringen.no/no/statsbudsjett/2022/statsbudsjettet-2022-statens-inntekter-og-utgifter/id2873448/",
    year = 2021
}

@online{digdir_r_2023,
    author = "Regjeringen",
    title = "Digitaliseringsdirektoratet",
    url = "https://www.regjeringen.no/no/dep/kdd/org/etater-og-virksomheter-under-kommunal--og-distriktsdepartementet/underliggende-etater/digitaliseringsdirektoratet/id2684200/",
    year = 2023
}

@online{project_wizard_r_2019,
    author = "Regjeringen",
    title = "Hva er statens prosjektmodell?",
    url = "https://www.regjeringen.no/no/tema/okonomi-og-budsjett/statlig-okonomistyring/ekstern-kvalitetssikring2/hva-er-ks-ordningen/id2523897/",
    year = 2019
}

% -------- WIKIPEDIA --------
@online{sqa_wiki_2023,
    author = "Wikipedia",
    title = "Software quality assurance",
    url = "https://en.wikipedia.org/wiki/Software_quality_assurance",
    year = 2023
}

@online{ps_wiki_2023,
    author = "Wikipedia",
    title = "Public sector",
    url = "https://en.wikipedia.org/wiki/Public_sector",
    year = 2023
}

@online{performance_wiki_2023,
    author = "Wikipedia",
    title = "Computer Performance",
    url = "https://en.wikipedia.org/wiki/Computer_performance",
    year = 2023
}

@online{scalability_wiki_2023,
    author = "Wikipedia",
    title = "Scalability",
    url = "https://en.wikipedia.org/wiki/Scalability",
    year = 2023
}

@online{portability_wiki_2023,
    author = "Wikipedia",
    title = "Software portability",
    url = "https://en.wikipedia.org/wiki/Software_portability",
    year = 2023
}

@online{reliability_wiki_2023,
    author = "Wikipedia",
    title = "Reliability engineering",
    url = "https://en.wikipedia.org/wiki/Reliability_engineering",
    year = 2023
}

@online{maintainability_wiki_2023,
    author = "Wikipedia",
    title = "Maintainability",
    url = "https://en.wikipedia.org/wiki/Maintainability",
    year = 2023
}

@online{security_wiki_2023,
    author = "Wikipedia",
    title = "Computer security",
    url = "https://en.wikipedia.org/wiki/Computer_security",
    year = 2023
}

@online{usability_wiki_2023,
    author = "Wikipedia",
    title = "Usability",
    url = "https://en.wikipedia.org/wiki/Usability",
    year = 2023
}

@online{software_testing_wiki_2023,
    author = "Wikipedia",
    title = "Software testing",
    url = "https://en.wikipedia.org/wiki/Software_testing",
    year = 2023
}

@online{acceptance_testing_wiki_2023,
    author = "Wikipedia",
    title = "Acceptance testing",
    url = "https://en.wikipedia.org/wiki/Acceptance_testing",
    year = 2023
}

@online{black_box_testing_wiki_2023,
    author = "Wikipedia",
    title = "Black-box testing",
    url = "https://en.wikipedia.org/wiki/Black-box_testing",
    year = 2023
}

@online{test_automation_wiki_2023,
    author = "Wikipedia",
    title = "Test automation",
    url = "https://en.wikipedia.org/wiki/Test_automation",
    year = 2023
}

@online{devops_wiki_2023,
    author = "Wikipedia",
    title = "DevOps",
    url = https://en.wikipedia.org/wiki/DevOps,
    year = 2023
}

@online{continuous_integration_wiki_2023,
    author = "Wikipedia",
    title = "Continuous integration",
    url = "https://en.wikipedia.org/wiki/Continuous_integration",
    year = 2023
}

@online{continuous_delivery_wiki_2023,
    author = "Wikipedia",
    title = "Continuous delivery",
    url = "https://en.wikipedia.org/wiki/Continuous_delivery",
    year = 2023
}

@online{continuous_deployment_wiki_2023,
    author = "Wikipedia",
    title = "Continuous deployment",
    url = "https://en.wikipedia.org/wiki/Continuous_deployment",
    year = 2023
}

@online{waterfall_model_wiki_2023,
    author = "Wikipedia",
    title = "Waterfall model",
    url = "https://en.wikipedia.org/wiki/Waterfall_model",
    year = 2023
}

@online{agile_software_development_wiki_2023,
    author = "Wikipedia",
    title = "Waterfall model",
    url = "https://en.wikipedia.org/wiki/Agile_software_development",
    year = 2023
}

@online{technical_debt_wiki_2023,
    author = "Wikipedia",
    title = "Technical debt",
    url = "https://en.wikipedia.org/wiki/Technical_debt",
    year = 2023
}

% -------- SNL --------
@online{os_snl_2022,
    author = "SNL",
    title = "Offentlig sektor",
    url = "https://snl.no/offentlig_sektor",
    year = 2022
}

% -------- ISO STANDARDS --------
@online{iso_25010:2011,
    author = "International Organization for Standardization",
    title = "ISO/IEC 25010:2011",
    url = "https://www.iso.org/standard/35733.html",
    year = 2023
}

% -------- IEEE STANDARDS --------
@online{ieee_730_2014,
    author = "Institute of Electrical and Electronics Engineers",
    title = "IEEE Standard for Software Quality Assurance Processes",
    url = "https://standards.ieee.org/ieee/730/5284/",
    year = 2023
}

% -------- GLOSSARY --------
@online{openapi_gls_2023,
    author = "Swagger",
    title = "OpenAPI Specificaiton",
    url = "https://swagger.io/specification/",
    year = 2023
}

@online{pair_programming_gls_2023,
    author = "Wikipedia",
    title = "Pair programming",
    url = "https://en.wikipedia.org/wiki/Pair_programming",
    year = 2023
}

@online{mob_programming_gls_2023,
    author = "Wikipedia",
    title = "Mob programming",
    url = "https://en.wikipedia.org/wiki/Mob_programming",
    year = 2023
}

@online{microservices_gls_2023,
    author = "Wikipedia",
    title = "Microservices",
    url = "https://en.wikipedia.org/wiki/Microservices",
    year = 2023
}

@online{service_oriented_architecture_gls_2023,
    author = "Wikipedia",
    title = "Service-oriented architecture",
    url = "https://en.wikipedia.org/wiki/Service-oriented_architecture",
    year = 2023
}

@online{kubernetes_gls_2023,
    author = "Kubernetes",
    title = "Kubernetes",
    url = "https://kubernetes.io/",
    year = 2023
}